<?xml version="1.0" encoding="UTF-8"?><collection xmlns="http://www.loc.gov/MARC21/slim"><record><leader>00497nam--2200181-u-4500</leader><controlfield tag="001">000052360</controlfield><controlfield tag="002">20161230</controlfield><controlfield tag="005">20161230201050</controlfield><controlfield tag="008">100624s1000------------r-----000-0-eng-d</controlfield><datafield ind1=" " ind2=" " tag="040"><subfield code="a">IFIN-HH</subfield></datafield><datafield ind1=" " ind2=" " tag="080"><subfield code="a">531(076)</subfield></datafield><datafield ind1="1" ind2=" " tag="100"><subfield code="a">Gardiner, R.B</subfield></datafield><datafield ind1="1" ind2="0" tag="245"><subfield code="a">Solving Problems in Mechanics</subfield><subfield code="c">R.B. Gardiner, E.W. Laing</subfield></datafield><datafield ind1=" " ind2=" " tag="260"><subfield code="a">Edinburgh</subfield><subfield code="b">Oliver &amp; Boyd</subfield><subfield code="c">1969</subfield></datafield><datafield ind1=" " ind2=" " tag="300"><subfield code="a">134 p</subfield></datafield><datafield ind1=" " ind2=" " tag="490"><subfield code="a">Solving Problems in Physics</subfield><subfield code="v">Vol.1. Mechanics</subfield></datafield><datafield ind1=" " ind2=" " tag="852"><subfield code="a">37650</subfield><subfield code="c">531</subfield></datafield><datafield ind1=" " ind2=" " tag="CAT"><subfield code="a">Sys</subfield><subfield code="c">20100624</subfield><subfield code="h">121517</subfield></datafield></record></collection>